<record><leader>00000cas a2200000 a 4500</leader><controlfield tag="001">12200697</controlfield><controlfield tag="008">850626d19031904ksudr ne      0    0eng d</controlfield><datafield ind1=" " ind2=" " tag="010"><subfield code="a">sn 85031350 </subfield></datafield><datafield ind1=" " ind2=" " tag="040"><subfield code="a">KSH</subfield><subfield code="b">eng</subfield><subfield code="c">KSH</subfield><subfield code="d">NPT</subfield><subfield code="d">OCL</subfield><subfield code="d">OCLCQ</subfield></datafield><datafield ind1=" " ind2=" " tag="042"><subfield code="a">msc</subfield></datafield><datafield ind1="0" ind2="4" tag="245"><subfield code="a">The Daily republican and clarion.</subfield></datafield><datafield ind1=" " ind2=" " tag="260"><subfield code="a">Cherryvale, Kan. :</subfield><subfield code="b">Purcell &amp; Barrows,</subfield><subfield code="c">1903-1904.</subfield></datafield><datafield ind1=" " ind2=" " tag="300"><subfield code="a">2 v. :</subfield><subfield code="b">ill. ;</subfield><subfield code="c">59 cm.</subfield></datafield><datafield ind1=" " ind2=" " tag="310"><subfield code="a">Daily (except Sunday)</subfield></datafield><datafield ind1="0" ind2=" " tag="362"><subfield code="a">Vol. 6, no. 101 (Nov. 9, 1903)-v. 7, no. 101 (Nov. 8, 1904).</subfield></datafield><datafield ind1=" " ind2=" " tag="500"><subfield code="a">Published by L.I. Purcell, Nov. 12, 1903-Nov. 8, 1904.</subfield></datafield><datafield ind1=" " ind2=" " tag="580"><subfield code="a">Issued also in a weekly edition called: Weekly republican (Cherryvale, Kan.).</subfield></datafield><datafield ind1=" " ind2=" " tag="752"><subfield code="a">United States</subfield><subfield code="b">Kansas</subfield><subfield code="c">Montgomery</subfield><subfield code="d">Cherryvale.</subfield></datafield><datafield ind1="1" ind2=" " tag="775"><subfield code="t">Weekly republican (Cherryvale, Kan.)</subfield><subfield code="w">(DLC)sn 85031357</subfield></datafield><datafield ind1="0" ind2="4" tag="780"><subfield code="t">Cherryvale daily clarion</subfield><subfield code="w">(DLC)sn 85031362</subfield></datafield><datafield ind1="0" ind2="4" tag="780"><subfield code="t">Cherryvale republican (Cherryvale, Kan. : 1886)</subfield><subfield code="w">(DLC)sn 85031356</subfield></datafield><datafield ind1="0" ind2="0" tag="785"><subfield code="t">Daily republican (Cherryvale, Kan. : 1904)</subfield><subfield code="w">(DLC)sn 85031349</subfield></datafield></record>